[gd_scene load_steps=4 format=2]

[ext_resource path="res://scripts/hud.gd" type="Script" id=1]
[ext_resource path="res://ui/ipad~analog_bottom.png" type="Texture" id=2]
[ext_resource path="res://ui/ipad~analog_top.png" type="Texture" id=3]

[node name="HUD" type="Control"]

anchor_left = 0.0
anchor_top = 0.0
anchor_right = 1.0
anchor_bottom = 1.0
margin_left = 2.0
margin_top = 1.0
margin_right = 2.0
margin_bottom = 1.0
rect_pivot_offset = Vector2( 0, 0 )
rect_clip_content = false
mouse_filter = 0
mouse_default_cursor_shape = 0
size_flags_horizontal = 1
size_flags_vertical = 1
script = ExtResource( 1 )

[node name="CrossHair" type="CheckBox" parent="." index="0"]

anchor_left = 0.5
anchor_top = 0.5
anchor_right = 0.5
anchor_bottom = 0.5
rect_pivot_offset = Vector2( 0, 0 )
rect_clip_content = false
focus_mode = 2
mouse_filter = 0
mouse_default_cursor_shape = 0
size_flags_horizontal = 1
size_flags_vertical = 1
toggle_mode = true
enabled_focus_mode = 2
shortcut = null
group = null
flat = false
align = 0
_sections_unfolded = [ "Anchor", "Margin" ]

[node name="analog_bottom" type="Sprite" parent="." index="1"]

position = Vector2( 169.026, 476.84 )
scale = Vector2( 1.99937, 2.16364 )
texture = ExtResource( 2 )
_sections_unfolded = [ "Transform", "Z Index" ]

[node name="AnalogTop" type="TouchScreenButton" parent="." index="2"]

position = Vector2( 82.3166, 386.84 )
scale = Vector2( 1.99164, 2.00964 )
normal = ExtResource( 3 )
pressed = null
bitmask = null
shape = null
shape_centered = true
shape_visible = true
passby_press = false
action = ""
visibility_mode = 0

[node name="Chat" type="RichTextLabel" parent="." index="3"]

anchor_left = 0.0
anchor_top = 0.0
anchor_right = 0.0
anchor_bottom = 0.0
margin_right = 493.0
margin_bottom = 131.0
rect_pivot_offset = Vector2( 0, 0 )
rect_clip_content = true
mouse_filter = 0
mouse_default_cursor_shape = 0
size_flags_horizontal = 1
size_flags_vertical = 1
bbcode_enabled = false
bbcode_text = ""
visible_characters = -1
percent_visible = 1.0
meta_underlined = true
tab_size = 4
text = ""
scroll_active = true
scroll_following = false
selection_enabled = false
override_selected_font_color = false

[node name="Right Stats" type="VBoxContainer" parent="." index="4"]

editor/display_folded = true
anchor_left = 1.0
anchor_top = 0.0
anchor_right = 1.0
anchor_bottom = 0.0
margin_left = -250.0
margin_top = 10.0
margin_right = -10.0
margin_bottom = 338.0
rect_pivot_offset = Vector2( 0, 0 )
rect_clip_content = false
mouse_filter = 1
mouse_default_cursor_shape = 0
size_flags_horizontal = 1
size_flags_vertical = 1
alignment = 0
_sections_unfolded = [ "Anchor", "Margin" ]

[node name="Client Info" type="VBoxContainer" parent="Right Stats" index="0"]

anchor_left = 0.0
anchor_top = 0.0
anchor_right = 0.0
anchor_bottom = 0.0
margin_right = 240.0
margin_bottom = 158.0
rect_pivot_offset = Vector2( 0, 0 )
rect_clip_content = false
mouse_filter = 1
mouse_default_cursor_shape = 0
size_flags_horizontal = 1
size_flags_vertical = 1
alignment = 0
_sections_unfolded = [ "Anchor", "Margin", "Rect" ]

[node name="Version" type="Label" parent="Right Stats/Client Info" index="0"]

anchor_left = 0.0
anchor_top = 0.0
anchor_right = 0.0
anchor_bottom = 0.0
margin_right = 240.0
margin_bottom = 14.0
rect_pivot_offset = Vector2( 0, 0 )
rect_clip_content = false
mouse_filter = 2
mouse_default_cursor_shape = 0
size_flags_horizontal = 1
size_flags_vertical = 4
text = "Eden Universe Builder"
align = 2
percent_visible = 1.0
lines_skipped = 0
max_lines_visible = -1
_sections_unfolded = [ "Margin", "Rect" ]

[node name="Player XYZ" type="Label" parent="Right Stats/Client Info" index="1"]

anchor_left = 0.0
anchor_top = 0.0
anchor_right = 0.0
anchor_bottom = 0.0
margin_top = 18.0
margin_right = 240.0
margin_bottom = 32.0
rect_pivot_offset = Vector2( 0, 0 )
rect_clip_content = false
mouse_filter = 2
mouse_default_cursor_shape = 0
size_flags_horizontal = 1
size_flags_vertical = 4
text = "XYZ: 0 / 0 / 0"
align = 2
percent_visible = 1.0
lines_skipped = 0
max_lines_visible = -1
_sections_unfolded = [ "Margin" ]

[node name="Looking XYZ" type="Label" parent="Right Stats/Client Info" index="2"]

anchor_left = 0.0
anchor_top = 0.0
anchor_right = 0.0
anchor_bottom = 0.0
margin_top = 36.0
margin_right = 240.0
margin_bottom = 50.0
rect_pivot_offset = Vector2( 0, 0 )
rect_clip_content = false
mouse_filter = 2
mouse_default_cursor_shape = 0
size_flags_horizontal = 1
size_flags_vertical = 4
text = "Looking at: XYZ: 0 / 0 / 0"
align = 2
percent_visible = 1.0
lines_skipped = 0
max_lines_visible = -1
_sections_unfolded = [ "Margin" ]

[node name="Looking at Chunk" type="Label" parent="Right Stats/Client Info" index="3"]

anchor_left = 0.0
anchor_top = 0.0
anchor_right = 0.0
anchor_bottom = 0.0
margin_top = 54.0
margin_right = 240.0
margin_bottom = 68.0
rect_pivot_offset = Vector2( 0, 0 )
rect_clip_content = false
mouse_filter = 2
mouse_default_cursor_shape = 0
size_flags_horizontal = 1
size_flags_vertical = 4
text = "Looking at chunk: XYZ: 0 / 0 / 0"
align = 2
percent_visible = 1.0
lines_skipped = 0
max_lines_visible = -1
_sections_unfolded = [ "Margin" ]

[node name="Orentation" type="Label" parent="Right Stats/Client Info" index="4"]

anchor_left = 0.0
anchor_top = 0.0
anchor_right = 0.0
anchor_bottom = 0.0
margin_top = 72.0
margin_right = 240.0
margin_bottom = 86.0
rect_pivot_offset = Vector2( 0, 0 )
rect_clip_content = false
mouse_filter = 2
mouse_default_cursor_shape = 0
size_flags_horizontal = 1
size_flags_vertical = 4
text = "Orentation: North"
align = 2
percent_visible = 1.0
lines_skipped = 0
max_lines_visible = -1
_sections_unfolded = [ "Margin" ]

[node name="Mode" type="Label" parent="Right Stats/Client Info" index="5"]

anchor_left = 0.0
anchor_top = 0.0
anchor_right = 0.0
anchor_bottom = 0.0
margin_top = 90.0
margin_right = 240.0
margin_bottom = 104.0
rect_pivot_offset = Vector2( 0, 0 )
rect_clip_content = false
mouse_filter = 2
mouse_default_cursor_shape = 0
size_flags_horizontal = 1
size_flags_vertical = 4
text = "Mode: nothing"
align = 2
percent_visible = 1.0
lines_skipped = 0
max_lines_visible = -1
_sections_unfolded = [ "Rect" ]

[node name="Entities" type="Label" parent="Right Stats/Client Info" index="6"]

anchor_left = 0.0
anchor_top = 0.0
anchor_right = 0.0
anchor_bottom = 0.0
margin_top = 108.0
margin_right = 240.0
margin_bottom = 122.0
rect_pivot_offset = Vector2( 0, 0 )
rect_clip_content = false
mouse_filter = 2
mouse_default_cursor_shape = 0
size_flags_horizontal = 1
size_flags_vertical = 4
text = "Entities: 0 | Players: 0"
align = 2
percent_visible = 1.0
lines_skipped = 0
max_lines_visible = -1
_sections_unfolded = [ "Margin" ]

[node name="All Blocks Loaded" type="Label" parent="Right Stats/Client Info" index="7"]

anchor_left = 0.0
anchor_top = 0.0
anchor_right = 0.0
anchor_bottom = 0.0
margin_top = 126.0
margin_right = 240.0
margin_bottom = 140.0
rect_pivot_offset = Vector2( 0, 0 )
rect_clip_content = false
mouse_filter = 2
mouse_default_cursor_shape = 0
size_flags_horizontal = 1
size_flags_vertical = 4
text = "Blocks Loaded: 0"
align = 2
percent_visible = 1.0
lines_skipped = 0
max_lines_visible = -1
_sections_unfolded = [ "Margin" ]

[node name="FPS" type="Label" parent="Right Stats/Client Info" index="8"]

anchor_left = 0.0
anchor_top = 0.0
anchor_right = 0.0
anchor_bottom = 0.0
margin_top = 144.0
margin_right = 240.0
margin_bottom = 158.0
rect_pivot_offset = Vector2( 0, 0 )
rect_clip_content = false
mouse_filter = 2
mouse_default_cursor_shape = 0
size_flags_horizontal = 1
size_flags_vertical = 4
text = "FPS: 0"
align = 2
percent_visible = 1.0
lines_skipped = 0
max_lines_visible = -1
_sections_unfolded = [ "Rect" ]

[node name="Separator 1" type="HSeparator" parent="Right Stats" index="1"]

anchor_left = 0.0
anchor_top = 0.0
anchor_right = 0.0
anchor_bottom = 0.0
margin_top = 162.0
margin_right = 240.0
margin_bottom = 166.0
rect_pivot_offset = Vector2( 0, 0 )
rect_clip_content = false
mouse_filter = 0
mouse_default_cursor_shape = 0
size_flags_horizontal = 1
size_flags_vertical = 1
_sections_unfolded = [ "Margin", "Rect" ]

[node name="World Stats" type="VBoxContainer" parent="Right Stats" index="2"]

anchor_left = 0.0
anchor_top = 0.0
anchor_right = 0.0
anchor_bottom = 0.0
margin_top = 170.0
margin_right = 240.0
margin_bottom = 274.0
rect_pivot_offset = Vector2( 0, 0 )
rect_clip_content = false
mouse_filter = 1
mouse_default_cursor_shape = 0
size_flags_horizontal = 1
size_flags_vertical = 1
alignment = 0
_sections_unfolded = [ "Margin" ]

[node name="World Name" type="Label" parent="Right Stats/World Stats" index="0"]

anchor_left = 0.0
anchor_top = 0.0
anchor_right = 0.0
anchor_bottom = 0.0
margin_right = 240.0
margin_bottom = 14.0
rect_pivot_offset = Vector2( 0, 0 )
rect_clip_content = false
mouse_filter = 2
mouse_default_cursor_shape = 0
size_flags_horizontal = 1
size_flags_vertical = 4
text = "== JTE's Test World =="
align = 2
percent_visible = 1.0
lines_skipped = 0
max_lines_visible = -1
_sections_unfolded = [ "Rect" ]

[node name="World Path" type="Label" parent="Right Stats/World Stats" index="1"]

anchor_left = 0.0
anchor_top = 0.0
anchor_right = 0.0
anchor_bottom = 0.0
margin_top = 18.0
margin_right = 240.0
margin_bottom = 32.0
rect_pivot_offset = Vector2( 0, 0 )
rect_clip_content = false
mouse_filter = 2
mouse_default_cursor_shape = 0
size_flags_horizontal = 1
size_flags_vertical = 4
text = "/data/test_world.eden2"
align = 2
percent_visible = 1.0
lines_skipped = 0
max_lines_visible = -1
_sections_unfolded = [ "Rect" ]

[node name="Total Chunks" type="Label" parent="Right Stats/World Stats" index="2"]

anchor_left = 0.0
anchor_top = 0.0
anchor_right = 0.0
anchor_bottom = 0.0
margin_top = 36.0
margin_right = 240.0
margin_bottom = 50.0
rect_pivot_offset = Vector2( 0, 0 )
rect_clip_content = false
mouse_filter = 2
mouse_default_cursor_shape = 0
size_flags_horizontal = 1
size_flags_vertical = 4
text = "Total Chunks: 0"
align = 2
percent_visible = 1.0
lines_skipped = 0
max_lines_visible = -1
_sections_unfolded = [ "Margin", "Rect" ]

[node name="Chunks Cache" type="Label" parent="Right Stats/World Stats" index="3"]

anchor_left = 0.0
anchor_top = 0.0
anchor_right = 0.0
anchor_bottom = 0.0
margin_top = 54.0
margin_right = 240.0
margin_bottom = 68.0
rect_pivot_offset = Vector2( 0, 0 )
rect_clip_content = false
mouse_filter = 2
mouse_default_cursor_shape = 0
size_flags_horizontal = 1
size_flags_vertical = 4
text = "Chunk Cache: 0"
align = 2
percent_visible = 1.0
lines_skipped = 0
max_lines_visible = -1
_sections_unfolded = [ "Margin" ]

[node name="Chunks Loaded" type="Label" parent="Right Stats/World Stats" index="4"]

anchor_left = 0.0
anchor_top = 0.0
anchor_right = 0.0
anchor_bottom = 0.0
margin_top = 72.0
margin_right = 240.0
margin_bottom = 86.0
rect_pivot_offset = Vector2( 0, 0 )
rect_clip_content = false
mouse_filter = 2
mouse_default_cursor_shape = 0
size_flags_horizontal = 1
size_flags_vertical = 4
text = "Chunks Loaded: 0"
align = 2
percent_visible = 1.0
lines_skipped = 0
max_lines_visible = -1
_sections_unfolded = [ "Margin" ]

[node name="Seed" type="Label" parent="Right Stats/World Stats" index="5"]

anchor_left = 0.0
anchor_top = 0.0
anchor_right = 0.0
anchor_bottom = 0.0
margin_top = 90.0
margin_right = 240.0
margin_bottom = 104.0
rect_pivot_offset = Vector2( 0, 0 )
rect_clip_content = false
mouse_filter = 2
mouse_default_cursor_shape = 0
size_flags_horizontal = 1
size_flags_vertical = 4
text = "Seed: 0"
align = 2
percent_visible = 1.0
lines_skipped = 0
max_lines_visible = -1
_sections_unfolded = [ "Margin" ]

[node name="Separator 2" type="HSeparator" parent="Right Stats" index="3"]

anchor_left = 0.0
anchor_top = 0.0
anchor_right = 0.0
anchor_bottom = 0.0
margin_top = 278.0
margin_right = 240.0
margin_bottom = 282.0
rect_pivot_offset = Vector2( 0, 0 )
rect_clip_content = false
mouse_filter = 0
mouse_default_cursor_shape = 0
size_flags_horizontal = 1
size_flags_vertical = 1
_sections_unfolded = [ "Margin", "Rect" ]

[node name="Chunk Info" type="VBoxContainer" parent="Right Stats" index="4"]

anchor_left = 0.0
anchor_top = 0.0
anchor_right = 0.0
anchor_bottom = 0.0
margin_top = 286.0
margin_right = 240.0
margin_bottom = 354.0
rect_pivot_offset = Vector2( 0, 0 )
rect_clip_content = false
mouse_filter = 1
mouse_default_cursor_shape = 0
size_flags_horizontal = 1
size_flags_vertical = 1
alignment = 0
_sections_unfolded = [ "Margin" ]

[node name="Chunk Address" type="Label" parent="Right Stats/Chunk Info" index="0"]

anchor_left = 0.0
anchor_top = 0.0
anchor_right = 0.0
anchor_bottom = 0.0
margin_right = 240.0
margin_bottom = 14.0
rect_pivot_offset = Vector2( 0, 0 )
rect_clip_content = false
mouse_filter = 2
mouse_default_cursor_shape = 0
size_flags_horizontal = 1
size_flags_vertical = 4
text = "== Chunk: 7191367 =="
align = 2
percent_visible = 1.0
lines_skipped = 0
max_lines_visible = -1
_sections_unfolded = [ "Margin", "Rect" ]

[node name="Chunk XYZ" type="Label" parent="Right Stats/Chunk Info" index="1"]

anchor_left = 0.0
anchor_top = 0.0
anchor_right = 0.0
anchor_bottom = 0.0
margin_top = 18.0
margin_right = 240.0
margin_bottom = 32.0
rect_pivot_offset = Vector2( 0, 0 )
rect_clip_content = false
mouse_filter = 2
mouse_default_cursor_shape = 0
size_flags_horizontal = 1
size_flags_vertical = 4
text = "XYZ: 0 / 0 / 0"
align = 2
percent_visible = 1.0
lines_skipped = 0
max_lines_visible = -1
_sections_unfolded = [ "Margin" ]

[node name="Blocks loaded" type="Label" parent="Right Stats/Chunk Info" index="2"]

anchor_left = 0.0
anchor_top = 0.0
anchor_right = 0.0
anchor_bottom = 0.0
margin_top = 36.0
margin_right = 240.0
margin_bottom = 50.0
rect_pivot_offset = Vector2( 0, 0 )
rect_clip_content = false
mouse_filter = 2
mouse_default_cursor_shape = 0
size_flags_horizontal = 1
size_flags_vertical = 4
text = "Blocks Loaded: 0"
align = 2
percent_visible = 1.0
lines_skipped = 0
max_lines_visible = -1
_sections_unfolded = [ "Rect" ]

[node name="Blocks" type="Label" parent="Right Stats/Chunk Info" index="3"]

anchor_left = 0.0
anchor_top = 0.0
anchor_right = 0.0
anchor_bottom = 0.0
margin_top = 54.0
margin_right = 240.0
margin_bottom = 68.0
rect_pivot_offset = Vector2( 0, 0 )
rect_clip_content = false
mouse_filter = 2
mouse_default_cursor_shape = 0
size_flags_horizontal = 1
size_flags_vertical = 4
text = "Total Blocks: 0"
align = 2
percent_visible = 1.0
lines_skipped = 0
max_lines_visible = -1
_sections_unfolded = [ "Rect" ]

[connection signal="pressed" from="AnalogTop" to="." method="_on_AnalogTop_pressed"]

[connection signal="released" from="AnalogTop" to="." method="_on_AnalogTop_released"]


